<record><leader>00000cas a22000007a 4500</leader><controlfield tag="001">17927345</controlfield><controlfield tag="008">880509d190019uulauwr ne      0   a0eng c</controlfield><controlfield tag="009">8528</controlfield><datafield ind1=" " ind2=" " tag="010"><subfield code="a">sn 88064402 </subfield></datafield><datafield ind1=" " ind2=" " tag="040"><subfield code="a">LNP</subfield><subfield code="b">eng</subfield><subfield code="c">LNP</subfield><subfield code="d">DLC</subfield><subfield code="d">OCLCF</subfield></datafield><datafield ind1=" " ind2=" " tag="012"><subfield code="l">a</subfield></datafield><datafield ind1="0" ind2=" " tag="022"><subfield code="a">2163-6451</subfield><subfield code="2">1</subfield></datafield><datafield ind1=" " ind2=" " tag="042"><subfield code="a">pcc</subfield><subfield code="a">nsdp</subfield></datafield><datafield ind1=" " ind2=" " tag="043"><subfield code="a">n-us-la</subfield></datafield><datafield ind1="0" ind2="0" tag="050"><subfield code="a">Newspaper</subfield></datafield><datafield ind1="1" ind2="0" tag="082"><subfield code="a">070</subfield><subfield code="2">14</subfield></datafield><datafield ind1=" " ind2="4" tag="222"><subfield code="a">The Rice belt journal</subfield></datafield><datafield ind1="0" ind2="4" tag="245"><subfield code="a">The Rice belt journal.</subfield></datafield><datafield ind1=" " ind2=" " tag="260"><subfield code="a">Welsh, Calcasieu Parish, La. :</subfield><subfield code="b">J.R. Rountree</subfield></datafield><datafield ind1=" " ind2=" " tag="310"><subfield code="a">Weekly</subfield><subfield code="b">Feb. 12, 1915-</subfield></datafield><datafield ind1=" " ind2=" " tag="321"><subfield code="a">Weekly</subfield><subfield code="b">&lt;Aug. 10, 1900&gt;-July 31, 1914</subfield></datafield><datafield ind1=" " ind2=" " tag="321"><subfield code="a">Semiweekly</subfield><subfield code="b">Aug. 4, 1914-Feb. 5, 1915</subfield></datafield><datafield ind1="1" ind2=" " tag="362"><subfield code="a">Began in June 1900?</subfield></datafield><datafield ind1=" " ind2=" " tag="530"><subfield code="a">Archived issues are available in digital format as part of the Library of Congress Chronicling America online collection.</subfield></datafield><datafield ind1=" " ind2=" " tag="588"><subfield code="a">Description based on: Vol. 1, no. 10 (Aug. 10, 1900).</subfield></datafield><datafield ind1=" " ind2=" " tag="525"><subfield code="a">Has occasional supplements.</subfield></datafield><datafield ind1=" " ind2="0" tag="651"><subfield code="a">Welsh (La.)</subfield><subfield code="v">Newspapers.</subfield></datafield><datafield ind1=" " ind2="0" tag="651"><subfield code="a">Jefferson Davis Parish (La.)</subfield><subfield code="v">Newspapers.</subfield></datafield><datafield ind1=" " ind2="0" tag="651"><subfield code="a">Calcasieu Parish (La.)</subfield><subfield code="v">Newspapers.</subfield></datafield><datafield ind1=" " ind2="7" tag="655"><subfield code="a">Newspapers.</subfield><subfield code="2">fast</subfield><subfield code="0">(OCoLC)fst01423814</subfield></datafield><datafield ind1=" " ind2="7" tag="651"><subfield code="a">Louisiana</subfield><subfield code="z">Calcasieu Parish.</subfield><subfield code="2">fast</subfield><subfield code="0">(OCoLC)fst01208905</subfield></datafield><datafield ind1=" " ind2="7" tag="651"><subfield code="a">Louisiana</subfield><subfield code="z">Jefferson Davis Parish.</subfield><subfield code="2">fast</subfield><subfield code="0">(OCoLC)fst01217776</subfield></datafield><datafield ind1=" " ind2="7" tag="651"><subfield code="a">Louisiana</subfield><subfield code="z">Welsh.</subfield><subfield code="2">fast</subfield><subfield code="0">(OCoLC)fst01216660</subfield></datafield><datafield ind1=" " ind2=" " tag="752"><subfield code="a">United States</subfield><subfield code="b">Louisiana</subfield><subfield code="c">Jefferson Davis</subfield><subfield code="d">Welsh.</subfield></datafield><datafield ind1=" " ind2=" " tag="752"><subfield code="a">United States</subfield><subfield code="b">Louisiana</subfield><subfield code="c">Calcasieu</subfield><subfield code="d">Welsh.</subfield></datafield><datafield ind1="4" ind2="1" tag="856"><subfield code="u">http://www.loc.gov/chroniclingamerica/lccn/sn88064402/issues</subfield></datafield></record>